@Misc{red5-github-url,
  title =	 {Red5 Web Server on GitHub},
  howpublished = {Available on: \url{https://github.com/Red5/red5-server}}
}

@Misc{wt-url,
  title =	 {Web Toolkit for C++ Page},
  howpublished = {Available on: \url{http://www.webtoolkit.eu/wt}},
}

@Misc{icecast-url,
  title =	 {Icecast Server on GitHub},
  howpublished = {Available on: \url{https://github.com/paluh/icecast}},
}


@Misc{subprocess-module-url,
  title =	 {Python Subprocess Module},
  howpublished = {Available on: \url{https://docs.python.org/3.4/library/subprocess.html}},
}

@Misc{django-web-page-url,
  title =	 {Django Web Page},
  howpublished = {Available on: \url{https://www.djangoproject.com/}},
}

@Misc{bootstrap-page-url,
  title =	 {Twitter Bootstrap Web Page},
  howpublished = {Available on: \url{http://getbootstrap.com/}},
}

@Misc{w3schools-video-tag,
  title =	 {W3Schools HTML5 Video Web Page},
  howpublished = {Available on: \url{http://www.w3schools.com/html/html5_video.asp}},
}

@Misc{w3school-video-events,
  title = 	{HTML Audio and Video DOM Reference},
  howpublished = {Avaliable on: \url{http://www.w3schools.com/tags/ref_av_dom.asp}},
}

@Misc{kevin-roast-canvas-examples,
  title = 	{Kevin Roast Canvas Examples},
  howpublished = {Avaliable on: \url{http://www.kevs3d.co.uk/dev/index.html}},
}

@Misc{jquery-page-url,
  title = 	{Páxina Oficial de JQuery},
  howpublished = {Avaliable on: \url{https://jquery.com/}},
}

# Convencións de código
@Misc{javascript-style-guide,
  title = 	{JavaScript Style Guide and Coding Conventions},
  howpublished = {Avaliable on: \url{http://www.w3schools.com/js/js_conventions.asp}},
}

@Misc{javascript-best-practices,
  title = 	{JavaScript Best Practices},	
  howpublished = {Avaliable on: \url{http://www.w3schools.com/js/js_best_practices.asp}},
}

@Misc{pepe8-style-guide,
  title = 	{PEP8 Style Guide for Python Code},	
  howpublished = {Avaliable on: \url{https://www.python.org/dev/peps/pep-0008/}},
}

@Misc{dtd-web-page,
  title = 	{Document Type Definition W3Chools Tutorial},	
  howpublished = {Avaliable on: \url{http://www.w3schools.com/xml/xml_dtd_intro.asp}},
}

@Misc{xml-validator,
  title = 	{Validador XML da W3Chools},	
  howpublished = {Avaliable on: \url{http://www.w3schools.com/xml/xml_validator.asp}},
}

@BOOK{la-guia-de-scrum,
   author = "Ken Schwaber and Jeff Sutherland",
   title = "La Guía Definitiva de Scrum: Las Reglas del Juego",
   publisher = "Scrum.Org and ScrumInc",
   year = "2013",
}

@phdthesis{brais-thesis,
  author       = {Brais Cancela Barizo}, 
  title        = {Understanding target trajectory behavior: a dynamic scene modeling approach},
  school       = {Universidade da Coruña},
  year         = 2015
}

@Misc{django-progressbarupload,
  title = 	{Proxecto django-progressbarupload publicado por Ouhouhsami},	
  howpublished = {Avaliable on: \url{https://github.com/ouhouhsami/django-progressbarupload}},
}

@Misc{TemporaryFileUploadHandler,
  title = 	{Clase TemporaryFileUploadHandler},	
  howpublished = {Avaliable on: \url{https://docs.djangoproject.com/en/1.8/_modules/django/core/files/uploadhandler/#TemporaryFileUploadHandler}},
}



%%%%%%%%%%%%%%%%%%%%%%%%%% EXAMPLES %%%%%%%%%%%%%%%%%%%%%%%%
@ARTICLE{article-minimal,
   author = {L[eslie] A. Aamport},
   title = {The Gnats and Gnus Document Preparation System},
   journal = {\mbox{G-Animal's} Journal},
   year = 1986,
}

@ARTICLE{article-full,
   author = {L[eslie] A. Aamport},
   title = {The Gnats and Gnus Document Preparation System},
   journal = {\mbox{G-Animal's} Journal},
   year = 1986,
   volume = 41,
   number = 7,
   pages = "73+",
   month = jul,
   note = "This is a full ARTICLE entry",
}


@ARTICLE{whole-journal,
   key = "GAJ",
   journal = {\mbox{G-Animal's} Journal},
   year = 1986,
   volume = 41,
   number = 7,
   month = jul,
   note = {The entire issue is devoted to gnats and gnus
		(this entry is a cross-referenced ARTICLE (journal))},
}

@INBOOK{inbook-minimal,
   author = "Donald E. Knuth",
   title = "Fundamental Algorithms",
   publisher = "Addison-Wesley",
   year = "1973",
   chapter = "1.2",
}

@INBOOK{inbook-full,
   author = "Donald E. Knuth",
   title = "Fundamental Algorithms",
   volume = 1,
   series = "The Art of Computer Programming",
   publisher = "Addison-Wesley",
   address = "Reading, Massachusetts",
   edition = "Second",
   month = "10~" # jan,
   year = "1973",
   type = "Section",
   chapter = "1.2",
   pages = "10--119",
   note = "This is a full INBOOK entry",
}


@BOOK{book-minimal,
   author = "Donald E. Knuth",
   title = "Seminumerical Algorithms",
   publisher = "Addison-Wesley",
   year = "1981",
}

@BOOK{book-full,
   author = "Donald E. Knuth",
   title = "Seminumerical Algorithms",
   volume = 2,
   series = "The Art of Computer Programming",
   publisher = "Addison-Wesley",
   address = "Reading, Massachusetts",
   edition = "Second",
   month = "10~" # jan,
   year = "1981",
   note = "This is a full BOOK entry",
}



@INPROCEEDINGS{inproceedings-minimal,
   author = "Alfred V. Oaho and Jeffrey D. Ullman and Mihalis Yannakakis",
   title = "On Notions of Information Transfer in {VLSI} Circuits",
   booktitle = "Proc. Fifteenth Annual ACM",
   year = 1983,
}

@INPROCEEDINGS{inproceedings-full,
   author = "Alfred V. Oaho and Jeffrey D. Ullman and Mihalis Yannakakis",
   title = "On Notions of Information Transfer in {VLSI} Circuits",
   editor = "Wizard V. Oz and Mihalis Yannakakis",
   booktitle = "Proc. Fifteenth Annual ACM",
   number = 17,
   series = "All ACM Conferences",
   pages = "133--139",
   month = mar,
   year = 1983,
   address = "Boston",
   organization = ACM,
   publisher = "Academic Press",
   note = "This is a full INPROCEDINGS entry",
}



@PROCEEDINGS{proceedings-minimal,
   key = STOC-key,
   title = "Proc. Fifteenth Annual",
   year = 1983,
}

@PROCEEDINGS{proceedings-full,
   editor = "Wizard V. Oz and Mihalis Yannakakis",
   title = "Proc. Fifteenth Annual",
   number = 17,
   series = "All ACM Conferences",
   month = mar,
   year = 1983,
   address = "Boston",
   organization = ACM,
   publisher = "Academic Press",
   note = "This is a full PROCEEDINGS entry",
}

@PROCEEDINGS{whole-proceedings,
   key = STOC-key,
   organization = ACM,
   title = "Proc. Fifteenth Annual",
   address = "Boston",
   year = 1983,
   booktitle = "Proc. Fifteenth Annual ACM",
   note = "This is a cross-referenced PROCEEDINGS",
}


@Misc{misc-url,
  author = {H. Comon and M. Dauchet and R. Gilleron and F. Jacquemard
and D. Lugiez and S. Tison and M. Tommasi},
  title =	 {Tree Automata Techniques and Applications},
  howpublished = {Available on: \url{http://www.grappa.univ-lille3.fr/tata}},
  note = {release October, 1rst 2002},
  year =	 1997
}
